<?xml version="1.0" encoding="UTF-8"?><record xmlns="http://www.loc.gov/MARC21/slim" xmlns:cinclude="http://apache.org/cocoon/include/1.0" xmlns:zs="http://www.loc.gov/zing/srw/">
  <leader>00647nz  a2200169n  4500</leader>
  <controlfield tag="001">no2006041134</controlfield>
  <controlfield tag="003">DLC</controlfield>
  <controlfield tag="005">20060425051737.0</controlfield>
  <controlfield tag="008">060421n| acannaabn          |a aaa     c</controlfield>
  <datafield tag="010" ind1=" " ind2=" ">
    <subfield code="a">no2006041134</subfield>
  </datafield>
  <datafield tag="035" ind1=" " ind2=" ">
    <subfield code="a">(OCoLC)oca06919392</subfield>
  </datafield>
  <datafield tag="040" ind1=" " ind2=" ">
    <subfield code="a">PPi-MA</subfield>
    <subfield code="b">eng</subfield>
    <subfield code="c">PPi-MA</subfield>
  </datafield>
  <datafield tag="100" ind1="0" ind2=" ">
    <subfield code="a">Broose,</subfield>
    <subfield code="d">1965-</subfield>
  </datafield>
  <datafield tag="400" ind1="1" ind2=" ">
    <subfield code="a">Dickinson, Broose,</subfield>
    <subfield code="d">1965-</subfield>
  </datafield>
  <datafield tag="400" ind1="1" ind2=" ">
    <subfield code="a">Dickinson, Bruce Gregory,</subfield>
    <subfield code="d">1965-</subfield>
  </datafield>
  <datafield tag="670" ind1=" " ind2=" ">
    <subfield code="a">Broose. Broose Dickinson [SR] p1995:</subfield>
    <subfield code="b">container (Broose Dickinson [Broose in capital letters, Dickinson, lower case; "oo" is overscored]) insert (Broose)</subfield>
  </datafield>
  <datafield tag="670" ind1=" " ind2=" ">
    <subfield code="a">U.S. copyright file, Apr. 21, 2006</subfield>
    <subfield code="b">(Broose; pseud. of: Dickinson, Bruce Gregory, 1965- )</subfield>
  </datafield>
</record>